
@artical{atz2016,
  author={Atz, Ulrich and Bholat, David},
  title={{Peer-to-peer lending and financial innovation in the United Kingdom - Ulrich Atz and David Bholat}},
  year={2016},
  institution={Bank of England},
  type={Bank of England working papers},
  number={598},
}

@article{BOLT2015450,
  title = {A frontier measure of U.S. banking competition},
  author = {Wilko Bolt and David Humphrey},
  year = {2015},
  journal = {European Journal of Operational Research},
  volume = {246},
  number = {2},
  pages = {450 - 461},
  issn = {0377-2217},
}

@article{butler2017,
  title = {Do local capital market conditions affect consumers' borrowing decisions?},
  author = {Butler, Alexander W. and Jess Cornaggia and Gurun, Umit G.},
  year = {2017},
  volume = {63},
  pages = {4175--4187},
  journal = {Management Science},
  publisher = {INFORMS Inst.for Operations Res.and the Management Sciences},
}

@book{claessens2003drives,
  title={What drives bank competition? Some international evidence},
  author={Claessens, Stijn and Laeven, Luc},
  year={2003},
  publisher={The World Bank}
}

@article{deyong2007,
  title = {How the Internet affects output and performance at community banks},
  author = {DeYoung, Robert and Lang, William W. and Nolle, Daniel L.},
  year = {2007},
  journal = {Journal of Banking and Finance},
  volume = {31},
  number = {4},
  pages = {1033-1060},
}

@unpublished{GaudeckerEconProjectTemplates,
  title = {Templates for Reproducible Research Projects in Economics},
  author = {Hans-Martin von Gaudecker},
  note = {\url{https://doi.org/10.5281/zenodo.2533241}},
  year = {2019}
}

@article{haddad2016emergence,
  title={The emergence of the global fintech market: Economic and technological determinants},
  author={Haddad, Christian and Hornuf, Lars},
  year={2016},
  journal={Small Business Economics},
  pages={1--25},
  publisher={Springer}
}

@article{havrylchyk2017drives,
  title={What drives the expansion of the peer-to-peer lending?},
  author={Havrylchyk, Olena and Mariotto, Carlotta and Rahim, Talal-Ur and Verdier, Marianne},
  year={2017}
}

@book{kennickell1997uses,
  title={Who Uses Electronic Banking?: Results from the 1995 Survey of Consumer Finances},
  author={Kennickell, Arthur B and Kwast, Myron L},
  year={1997}
}

@techreport{NBERw18077,
  title = {Has the U.S. Finance Industry Become Less Efficient?  On the Theory and Measurement of Financial Intermediation},
  author = {Philippon, Thomas},
  year = {2012},
  institution = {National Bureau of Economic Research},
  type = {Working Paper},
}

@article{rau2017law,
  title={Law, trust, and the development of crowdfunding},
  author={Rau, P Raghavendra},
  year={2017}
}